%YAML 1.1
%TAG !u! tag:unity3d.com,2011:
--- !u!1 &6419616379630173600
GameObject:
  m_ObjectHideFlags: 0
  m_CorrespondingSourceObject: {fileID: 0}
  m_PrefabInstance: {fileID: 0}
  m_PrefabAsset: {fileID: 0}
  serializedVersion: 6
  m_Component:
  - component: {fileID: 6419616379630330240}
  m_Layer: 0
  m_Name: L_dedomano
  m_TagString: Untagged
  m_Icon: {fileID: 0}
  m_NavMeshLayer: 0
  m_StaticEditorFlags: 0
  m_IsActive: 1
--- !u!4 &6419616379630330240
Transform:
  m_ObjectHideFlags: 0
  m_CorrespondingSourceObject: {fileID: 0}
  m_PrefabInstance: {fileID: 0}
  m_PrefabAsset: {fileID: 0}
  m_GameObject: {fileID: 6419616379630173600}
  m_LocalRotation: {x: -0.066990115, y: -0.20343655, z: -0.30551305, w: 0.9277864}
  m_LocalPosition: {x: -0.006156665, y: -1.4224732e-18, z: 2.7295819e-18}
  m_LocalScale: {x: 1, y: 1, z: 1}
  m_Children: []
  m_Father: {fileID: 6419616379630330242}
  m_RootOrder: 0
  m_LocalEulerAnglesHint: {x: 0, y: 0, z: 0}
--- !u!1 &6419616379630173602
GameObject:
  m_ObjectHideFlags: 0
  m_CorrespondingSourceObject: {fileID: 0}
  m_PrefabInstance: {fileID: 0}
  m_PrefabAsset: {fileID: 0}
  serializedVersion: 6
  m_Component:
  - component: {fileID: 6419616379630330242}
  m_Layer: 0
  m_Name: L_mano
  m_TagString: Untagged
  m_Icon: {fileID: 0}
  m_NavMeshLayer: 0
  m_StaticEditorFlags: 0
  m_IsActive: 1
--- !u!4 &6419616379630330242
Transform:
  m_ObjectHideFlags: 0
  m_CorrespondingSourceObject: {fileID: 0}
  m_PrefabInstance: {fileID: 0}
  m_PrefabAsset: {fileID: 0}
  m_GameObject: {fileID: 6419616379630173602}
  m_LocalRotation: {x: 0.04490901, y: 0.1322802, z: -0.029349213, w: 0.98975945}
  m_LocalPosition: {x: -0.0071013262, y: 0.00041816555, z: -0.0001706358}
  m_LocalScale: {x: 1, y: 1, z: 1}
  m_Children:
  - {fileID: 6419616379630330240}
  m_Father: {fileID: 6419616379630330266}
  m_RootOrder: 0
  m_LocalEulerAnglesHint: {x: 0, y: 0, z: 0}
--- !u!1 &6419616379630173604
GameObject:
  m_ObjectHideFlags: 0
  m_CorrespondingSourceObject: {fileID: 0}
  m_PrefabInstance: {fileID: 0}
  m_PrefabAsset: {fileID: 0}
  serializedVersion: 6
  m_Component:
  - component: {fileID: 6419616379630330244}
  m_Layer: 0
  m_Name: L_brazo
  m_TagString: Untagged
  m_Icon: {fileID: 0}
  m_NavMeshLayer: 0
  m_StaticEditorFlags: 0
  m_IsActive: 1
--- !u!4 &6419616379630330244
Transform:
  m_ObjectHideFlags: 0
  m_CorrespondingSourceObject: {fileID: 0}
  m_PrefabInstance: {fileID: 0}
  m_PrefabAsset: {fileID: 0}
  m_GameObject: {fileID: 6419616379630173604}
  m_LocalRotation: {x: 0.07756337, y: 0.22774176, z: 0.52045983, w: 0.8192919}
  m_LocalPosition: {x: -0.0069396268, y: 0.000024253619, z: -0.000058185393}
  m_LocalScale: {x: 1, y: 1, z: 1}
  m_Children:
  - {fileID: 6419616379630330266}
  m_Father: {fileID: 6419616379630330246}
  m_RootOrder: 0
  m_LocalEulerAnglesHint: {x: 0, y: 0, z: 0}
--- !u!1 &6419616379630173606
GameObject:
  m_ObjectHideFlags: 0
  m_CorrespondingSourceObject: {fileID: 0}
  m_PrefabInstance: {fileID: 0}
  m_PrefabAsset: {fileID: 0}
  serializedVersion: 6
  m_Component:
  - component: {fileID: 6419616379630330246}
  m_Layer: 0
  m_Name: L_clavicula
  m_TagString: Untagged
  m_Icon: {fileID: 0}
  m_NavMeshLayer: 0
  m_StaticEditorFlags: 0
  m_IsActive: 1
--- !u!4 &6419616379630330246
Transform:
  m_ObjectHideFlags: 0
  m_CorrespondingSourceObject: {fileID: 0}
  m_PrefabInstance: {fileID: 0}
  m_PrefabAsset: {fileID: 0}
  m_GameObject: {fileID: 6419616379630173606}
  m_LocalRotation: {x: -0.60091686, y: 0.6832697, z: -0.22207934, w: -0.35031754}
  m_LocalPosition: {x: 0.0014413717, y: -0.007155094, z: -0.0025016868}
  m_LocalScale: {x: 1, y: 1, z: 1}
  m_Children:
  - {fileID: 6419616379630330244}
  m_Father: {fileID: 6419616379630330262}
  m_RootOrder: 1
  m_LocalEulerAnglesHint: {x: 0, y: 0, z: 0}
--- !u!1 &6419616379630173608
GameObject:
  m_ObjectHideFlags: 0
  m_CorrespondingSourceObject: {fileID: 0}
  m_PrefabInstance: {fileID: 0}
  m_PrefabAsset: {fileID: 0}
  serializedVersion: 6
  m_Component:
  - component: {fileID: 6419616379630330248}
  m_Layer: 0
  m_Name: L_pierna
  m_TagString: Untagged
  m_Icon: {fileID: 0}
  m_NavMeshLayer: 0
  m_StaticEditorFlags: 0
  m_IsActive: 1
--- !u!4 &6419616379630330248
Transform:
  m_ObjectHideFlags: 0
  m_CorrespondingSourceObject: {fileID: 0}
  m_PrefabInstance: {fileID: 0}
  m_PrefabAsset: {fileID: 0}
  m_GameObject: {fileID: 6419616379630173608}
  m_LocalRotation: {x: 0.9720307, y: 0.23484816, z: -0.000110447385, w: 0.0016405262}
  m_LocalPosition: {x: -0.009431465, y: -0.0002446392, z: -0.001018781}
  m_LocalScale: {x: 1, y: 1, z: 1}
  m_Children:
  - {fileID: 6419616379630330292}
  m_Father: {fileID: 6419616379630330252}
  m_RootOrder: 0
  m_LocalEulerAnglesHint: {x: 0, y: 0, z: 0}
--- !u!1 &6419616379630173610
GameObject:
  m_ObjectHideFlags: 0
  m_CorrespondingSourceObject: {fileID: 0}
  m_PrefabInstance: {fileID: 0}
  m_PrefabAsset: {fileID: 0}
  serializedVersion: 6
  m_Component:
  - component: {fileID: 6419616379630330250}
  m_Layer: 0
  m_Name: L_punta_pie
  m_TagString: Untagged
  m_Icon: {fileID: 0}
  m_NavMeshLayer: 0
  m_StaticEditorFlags: 0
  m_IsActive: 1
--- !u!4 &6419616379630330250
Transform:
  m_ObjectHideFlags: 0
  m_CorrespondingSourceObject: {fileID: 0}
  m_PrefabInstance: {fileID: 0}
  m_PrefabAsset: {fileID: 0}
  m_GameObject: {fileID: 6419616379630173610}
  m_LocalRotation: {x: -0.0293864, y: -0.70649594, z: -0.0293864, w: 0.70649594}
  m_LocalPosition: {x: -0.0053446637, y: 2.872702e-17, z: 5.1181212e-11}
  m_LocalScale: {x: 1, y: 1, z: 1}
  m_Children: []
  m_Father: {fileID: 6419616379630330254}
  m_RootOrder: 0
  m_LocalEulerAnglesHint: {x: 0, y: 0, z: 0}
--- !u!1 &6419616379630173612
GameObject:
  m_ObjectHideFlags: 0
  m_CorrespondingSourceObject: {fileID: 0}
  m_PrefabInstance: {fileID: 0}
  m_PrefabAsset: {fileID: 0}
  serializedVersion: 6
  m_Component:
  - component: {fileID: 6419616379630330252}
  m_Layer: 0
  m_Name: L_muslo
  m_TagString: Untagged
  m_Icon: {fileID: 0}
  m_NavMeshLayer: 0
  m_StaticEditorFlags: 0
  m_IsActive: 1
--- !u!4 &6419616379630330252
Transform:
  m_ObjectHideFlags: 0
  m_CorrespondingSourceObject: {fileID: 0}
  m_PrefabInstance: {fileID: 0}
  m_PrefabAsset: {fileID: 0}
  m_GameObject: {fileID: 6419616379630173612}
  m_LocalRotation: {x: 0.4435344, y: 0.26785013, z: 0.4009479, w: 0.75549614}
  m_LocalPosition: {x: -0.0065842504, y: 4.6716793e-19, z: -3.792244e-19}
  m_LocalScale: {x: 1, y: 1, z: 1}
  m_Children:
  - {fileID: 6419616379630330248}
  m_Father: {fileID: 6419616379630330264}
  m_RootOrder: 1
  m_LocalEulerAnglesHint: {x: 0, y: 0, z: 0}
--- !u!1 &6419616379630173614
GameObject:
  m_ObjectHideFlags: 0
  m_CorrespondingSourceObject: {fileID: 0}
  m_PrefabInstance: {fileID: 0}
  m_PrefabAsset: {fileID: 0}
  serializedVersion: 6
  m_Component:
  - component: {fileID: 6419616379630330254}
  m_Layer: 0
  m_Name: L_pie
  m_TagString: Untagged
  m_Icon: {fileID: 0}
  m_NavMeshLayer: 0
  m_StaticEditorFlags: 0
  m_IsActive: 1
--- !u!4 &6419616379630330254
Transform:
  m_ObjectHideFlags: 0
  m_CorrespondingSourceObject: {fileID: 0}
  m_PrefabInstance: {fileID: 0}
  m_PrefabAsset: {fileID: 0}
  m_GameObject: {fileID: 6419616379630173614}
  m_LocalRotation: {x: 0.13533966, y: 0.016493678, z: -0.2579249, w: 0.95649666}
  m_LocalPosition: {x: -0.003987334, y: 5.551115e-19, z: 6.1941606e-19}
  m_LocalScale: {x: 1, y: 1, z: 1}
  m_Children:
  - {fileID: 6419616379630330250}
  m_Father: {fileID: 6419616379630330292}
  m_RootOrder: 0
  m_LocalEulerAnglesHint: {x: 0, y: 0, z: 0}
--- !u!1 &6419616379630173616
GameObject:
  m_ObjectHideFlags: 0
  m_CorrespondingSourceObject: {fileID: 0}
  m_PrefabInstance: {fileID: 0}
  m_PrefabAsset: {fileID: 0}
  serializedVersion: 6
  m_Component:
  - component: {fileID: 6419616379630330256}
  m_Layer: 0
  m_Name: espalda
  m_TagString: Untagged
  m_Icon: {fileID: 0}
  m_NavMeshLayer: 0
  m_StaticEditorFlags: 0
  m_IsActive: 1
--- !u!4 &6419616379630330256
Transform:
  m_ObjectHideFlags: 0
  m_CorrespondingSourceObject: {fileID: 0}
  m_PrefabInstance: {fileID: 0}
  m_PrefabAsset: {fileID: 0}
  m_GameObject: {fileID: 6419616379630173616}
  m_LocalRotation: {x: -0.30399, y: 0.41219252, z: -0.6818364, w: 0.5222897}
  m_LocalPosition: {x: 0.0037465515, y: 0.009107287, z: -0.0019800486}
  m_LocalScale: {x: 1, y: 1, z: 1}
  m_Children:
  - {fileID: 6419616379630330262}
  m_Father: {fileID: 6419616379630330264}
  m_RootOrder: 0
  m_LocalEulerAnglesHint: {x: 0, y: 0, z: 0}
--- !u!1 &6419616379630173618
GameObject:
  m_ObjectHideFlags: 0
  m_CorrespondingSourceObject: {fileID: 0}
  m_PrefabInstance: {fileID: 0}
  m_PrefabAsset: {fileID: 0}
  serializedVersion: 6
  m_Component:
  - component: {fileID: 6419616379630330258}
  - component: {fileID: 6419616379639680628}
  m_Layer: 0
  m_Name: fbx_archer_animated
  m_TagString: Untagged
  m_Icon: {fileID: 0}
  m_NavMeshLayer: 0
  m_StaticEditorFlags: 0
  m_IsActive: 1
--- !u!4 &6419616379630330258
Transform:
  m_ObjectHideFlags: 0
  m_CorrespondingSourceObject: {fileID: 0}
  m_PrefabInstance: {fileID: 0}
  m_PrefabAsset: {fileID: 0}
  m_GameObject: {fileID: 6419616379630173618}
  m_LocalRotation: {x: 0, y: 0, z: 0, w: 1}
  m_LocalPosition: {x: 0, y: 0, z: 0}
  m_LocalScale: {x: 1, y: 1, z: 1}
  m_Children:
  - {fileID: 6419616379630330268}
  - {fileID: 6419616379630330270}
  - {fileID: 6419616379630330264}
  m_Father: {fileID: 0}
  m_RootOrder: 0
  m_LocalEulerAnglesHint: {x: 0, y: 0, z: 0}
--- !u!95 &6419616379639680628
Animator:
  serializedVersion: 3
  m_ObjectHideFlags: 0
  m_CorrespondingSourceObject: {fileID: 0}
  m_PrefabInstance: {fileID: 0}
  m_PrefabAsset: {fileID: 0}
  m_GameObject: {fileID: 6419616379630173618}
  m_Enabled: 1
  m_Avatar: {fileID: 9000000, guid: 05414ad0f0d9dac48ab51d2f7a6bb104, type: 3}
  m_Controller: {fileID: 9100000, guid: 19c5459e9aee2cf4a9fb5a1d58a6da3e, type: 2}
  m_CullingMode: 1
  m_UpdateMode: 0
  m_ApplyRootMotion: 1
  m_LinearVelocityBlending: 0
  m_WarningMessage: 
  m_HasTransformHierarchy: 1
  m_AllowConstantClipSamplingOptimization: 1
  m_KeepAnimatorControllerStateOnDisable: 0
--- !u!1 &6419616379630173620
GameObject:
  m_ObjectHideFlags: 0
  m_CorrespondingSourceObject: {fileID: 0}
  m_PrefabInstance: {fileID: 0}
  m_PrefabAsset: {fileID: 0}
  serializedVersion: 6
  m_Component:
  - component: {fileID: 6419616379630330260}
  m_Layer: 0
  m_Name: cabeza
  m_TagString: Untagged
  m_Icon: {fileID: 0}
  m_NavMeshLayer: 0
  m_StaticEditorFlags: 0
  m_IsActive: 1
--- !u!4 &6419616379630330260
Transform:
  m_ObjectHideFlags: 0
  m_CorrespondingSourceObject: {fileID: 0}
  m_PrefabInstance: {fileID: 0}
  m_PrefabAsset: {fileID: 0}
  m_GameObject: {fileID: 6419616379630173620}
  m_LocalRotation: {x: -0.054618128, y: 0.013180015, z: -0.047559984, w: 0.997287}
  m_LocalPosition: {x: -0.0053708605, y: -4.1286417e-18, z: -6.938894e-20}
  m_LocalScale: {x: 1, y: 1, z: 1}
  m_Children:
  - {fileID: 6419616379630330276}
  m_Father: {fileID: 6419616379630330262}
  m_RootOrder: 0
  m_LocalEulerAnglesHint: {x: 0, y: 0, z: 0}
--- !u!1 &6419616379630173622
GameObject:
  m_ObjectHideFlags: 0
  m_CorrespondingSourceObject: {fileID: 0}
  m_PrefabInstance: {fileID: 0}
  m_PrefabAsset: {fileID: 0}
  serializedVersion: 6
  m_Component:
  - component: {fileID: 6419616379630330262}
  m_Layer: 0
  m_Name: cuello
  m_TagString: Untagged
  m_Icon: {fileID: 0}
  m_NavMeshLayer: 0
  m_StaticEditorFlags: 0
  m_IsActive: 1
--- !u!4 &6419616379630330262
Transform:
  m_ObjectHideFlags: 0
  m_CorrespondingSourceObject: {fileID: 0}
  m_PrefabInstance: {fileID: 0}
  m_PrefabAsset: {fileID: 0}
  m_GameObject: {fileID: 6419616379630173622}
  m_LocalRotation: {x: 0.015371321, y: -0.0023440174, z: 0.13270262, w: 0.9910339}
  m_LocalPosition: {x: -0.011530492, y: -3.330669e-18, z: -5.658606e-18}
  m_LocalScale: {x: 1, y: 1, z: 1}
  m_Children:
  - {fileID: 6419616379630330260}
  - {fileID: 6419616379630330246}
  - {fileID: 6419616379630330274}
  m_Father: {fileID: 6419616379630330256}
  m_RootOrder: 0
  m_LocalEulerAnglesHint: {x: 0, y: 0, z: 0}
--- !u!1 &6419616379630173624
GameObject:
  m_ObjectHideFlags: 0
  m_CorrespondingSourceObject: {fileID: 0}
  m_PrefabInstance: {fileID: 0}
  m_PrefabAsset: {fileID: 0}
  serializedVersion: 6
  m_Component:
  - component: {fileID: 6419616379630330264}
  m_Layer: 0
  m_Name: hips
  m_TagString: Untagged
  m_Icon: {fileID: 0}
  m_NavMeshLayer: 0
  m_StaticEditorFlags: 0
  m_IsActive: 1
--- !u!4 &6419616379630330264
Transform:
  m_ObjectHideFlags: 0
  m_CorrespondingSourceObject: {fileID: 0}
  m_PrefabInstance: {fileID: 0}
  m_PrefabAsset: {fileID: 0}
  m_GameObject: {fileID: 6419616379630173624}
  m_LocalRotation: {x: 0.03441582, y: 0.24274239, z: 0.13609111, w: 0.9598807}
  m_LocalPosition: {x: 0, y: 0, z: 0}
  m_LocalScale: {x: 1, y: 1, z: 1}
  m_Children:
  - {fileID: 6419616379630330256}
  - {fileID: 6419616379630330252}
  - {fileID: 6419616379630330280}
  m_Father: {fileID: 6419616379630330258}
  m_RootOrder: 2
  m_LocalEulerAnglesHint: {x: 0, y: 0, z: 0}
--- !u!1 &6419616379630173626
GameObject:
  m_ObjectHideFlags: 0
  m_CorrespondingSourceObject: {fileID: 0}
  m_PrefabInstance: {fileID: 0}
  m_PrefabAsset: {fileID: 0}
  serializedVersion: 6
  m_Component:
  - component: {fileID: 6419616379630330266}
  m_Layer: 0
  m_Name: L_antebrazo
  m_TagString: Untagged
  m_Icon: {fileID: 0}
  m_NavMeshLayer: 0
  m_StaticEditorFlags: 0
  m_IsActive: 1
--- !u!4 &6419616379630330266
Transform:
  m_ObjectHideFlags: 0
  m_CorrespondingSourceObject: {fileID: 0}
  m_PrefabInstance: {fileID: 0}
  m_PrefabAsset: {fileID: 0}
  m_GameObject: {fileID: 6419616379630173626}
  m_LocalRotation: {x: 0.20832612, y: 0.2003134, z: -0.08264298, w: 0.95375305}
  m_LocalPosition: {x: -0.013414466, y: 0.001126873, z: -0.0001121372}
  m_LocalScale: {x: 1, y: 1, z: 1}
  m_Children:
  - {fileID: 6419616379630330242}
  m_Father: {fileID: 6419616379630330244}
  m_RootOrder: 0
  m_LocalEulerAnglesHint: {x: 0, y: 0, z: 0}
--- !u!1 &6419616379630173628
GameObject:
  m_ObjectHideFlags: 0
  m_CorrespondingSourceObject: {fileID: 0}
  m_PrefabInstance: {fileID: 0}
  m_PrefabAsset: {fileID: 0}
  serializedVersion: 6
  m_Component:
  - component: {fileID: 6419616379630330268}
  m_Layer: 0
  m_Name: group19
  m_TagString: Untagged
  m_Icon: {fileID: 0}
  m_NavMeshLayer: 0
  m_StaticEditorFlags: 0
  m_IsActive: 1
--- !u!4 &6419616379630330268
Transform:
  m_ObjectHideFlags: 0
  m_CorrespondingSourceObject: {fileID: 0}
  m_PrefabInstance: {fileID: 0}
  m_PrefabAsset: {fileID: 0}
  m_GameObject: {fileID: 6419616379630173628}
  m_LocalRotation: {x: 0, y: -0, z: -0, w: 1}
  m_LocalPosition: {x: -0.126998, y: 0.14413431, z: -0.0032864152}
  m_LocalScale: {x: 1, y: 1, z: 1}
  m_Children:
  - {fileID: 6419616379630330300}
  m_Father: {fileID: 6419616379630330258}
  m_RootOrder: 0
  m_LocalEulerAnglesHint: {x: 0, y: 0, z: 0}
--- !u!1 &6419616379630173630
GameObject:
  m_ObjectHideFlags: 0
  m_CorrespondingSourceObject: {fileID: 0}
  m_PrefabInstance: {fileID: 0}
  m_PrefabAsset: {fileID: 0}
  serializedVersion: 6
  m_Component:
  - component: {fileID: 6419616379630330270}
  m_Layer: 0
  m_Name: group20
  m_TagString: Untagged
  m_Icon: {fileID: 0}
  m_NavMeshLayer: 0
  m_StaticEditorFlags: 0
  m_IsActive: 1
--- !u!4 &6419616379630330270
Transform:
  m_ObjectHideFlags: 0
  m_CorrespondingSourceObject: {fileID: 0}
  m_PrefabInstance: {fileID: 0}
  m_PrefabAsset: {fileID: 0}
  m_GameObject: {fileID: 6419616379630173630}
  m_LocalRotation: {x: 0, y: -0, z: -0, w: 1}
  m_LocalPosition: {x: -0.08215482, y: 0.097908914, z: -0.0006923753}
  m_LocalScale: {x: 1, y: 1, z: 1}
  m_Children:
  - {fileID: 6419616379630330294}
  - {fileID: 6419616379630330290}
  - {fileID: 6419616379630330302}
  m_Father: {fileID: 6419616379630330258}
  m_RootOrder: 1
  m_LocalEulerAnglesHint: {x: 0, y: 0, z: 0}
--- !u!1 &6419616379630173632
GameObject:
  m_ObjectHideFlags: 0
  m_CorrespondingSourceObject: {fileID: 0}
  m_PrefabInstance: {fileID: 0}
  m_PrefabAsset: {fileID: 0}
  serializedVersion: 6
  m_Component:
  - component: {fileID: 6419616379630330272}
  m_Layer: 0
  m_Name: R_brazo
  m_TagString: Untagged
  m_Icon: {fileID: 0}
  m_NavMeshLayer: 0
  m_StaticEditorFlags: 0
  m_IsActive: 1
--- !u!4 &6419616379630330272
Transform:
  m_ObjectHideFlags: 0
  m_CorrespondingSourceObject: {fileID: 0}
  m_PrefabInstance: {fileID: 0}
  m_PrefabAsset: {fileID: 0}
  m_GameObject: {fileID: 6419616379630173632}
  m_LocalRotation: {x: 0.07756337, y: 0.22774176, z: 0.52045983, w: 0.8192919}
  m_LocalPosition: {x: 0.0069396906, y: -0.000024646266, z: 0.000058178877}
  m_LocalScale: {x: 1, y: 1, z: 1}
  m_Children:
  - {fileID: 6419616379630330278}
  m_Father: {fileID: 6419616379630330274}
  m_RootOrder: 0
  m_LocalEulerAnglesHint: {x: 0, y: 0, z: 0}
--- !u!1 &6419616379630173634
GameObject:
  m_ObjectHideFlags: 0
  m_CorrespondingSourceObject: {fileID: 0}
  m_PrefabInstance: {fileID: 0}
  m_PrefabAsset: {fileID: 0}
  serializedVersion: 6
  m_Component:
  - component: {fileID: 6419616379630330274}
  m_Layer: 0
  m_Name: R_clavicula
  m_TagString: Untagged
  m_Icon: {fileID: 0}
  m_NavMeshLayer: 0
  m_StaticEditorFlags: 0
  m_IsActive: 1
--- !u!4 &6419616379630330274
Transform:
  m_ObjectHideFlags: 0
  m_CorrespondingSourceObject: {fileID: 0}
  m_PrefabInstance: {fileID: 0}
  m_PrefabAsset: {fileID: 0}
  m_GameObject: {fileID: 6419616379630173634}
  m_LocalRotation: {x: 0.6926239, y: 0.6091437, z: 0.32625186, w: -0.20682321}
  m_LocalPosition: {x: 0.0014889342, y: -0.006993965, z: 0.0028985837}
  m_LocalScale: {x: 1, y: 1, z: 1}
  m_Children:
  - {fileID: 6419616379630330272}
  m_Father: {fileID: 6419616379630330262}
  m_RootOrder: 2
  m_LocalEulerAnglesHint: {x: 0, y: 0, z: 0}
--- !u!1 &6419616379630173636
GameObject:
  m_ObjectHideFlags: 0
  m_CorrespondingSourceObject: {fileID: 0}
  m_PrefabInstance: {fileID: 0}
  m_PrefabAsset: {fileID: 0}
  serializedVersion: 6
  m_Component:
  - component: {fileID: 6419616379630330276}
  m_Layer: 0
  m_Name: puntacabeza
  m_TagString: Untagged
  m_Icon: {fileID: 0}
  m_NavMeshLayer: 0
  m_StaticEditorFlags: 0
  m_IsActive: 1
--- !u!4 &6419616379630330276
Transform:
  m_ObjectHideFlags: 0
  m_CorrespondingSourceObject: {fileID: 0}
  m_PrefabInstance: {fileID: 0}
  m_PrefabAsset: {fileID: 0}
  m_GameObject: {fileID: 6419616379630173636}
  m_LocalRotation: {x: 0.46849802, y: -0.5666839, z: 0.43186384, w: 0.52237207}
  m_LocalPosition: {x: -0.025762267, y: 6.981178e-18, z: -1.0755285e-17}
  m_LocalScale: {x: 1, y: 1, z: 1}
  m_Children: []
  m_Father: {fileID: 6419616379630330260}
  m_RootOrder: 0
  m_LocalEulerAnglesHint: {x: 0, y: 0, z: 0}
--- !u!1 &6419616379630173638
GameObject:
  m_ObjectHideFlags: 0
  m_CorrespondingSourceObject: {fileID: 0}
  m_PrefabInstance: {fileID: 0}
  m_PrefabAsset: {fileID: 0}
  serializedVersion: 6
  m_Component:
  - component: {fileID: 6419616379630330278}
  m_Layer: 0
  m_Name: R_antebrazo
  m_TagString: Untagged
  m_Icon: {fileID: 0}
  m_NavMeshLayer: 0
  m_StaticEditorFlags: 0
  m_IsActive: 1
--- !u!4 &6419616379630330278
Transform:
  m_ObjectHideFlags: 0
  m_CorrespondingSourceObject: {fileID: 0}
  m_PrefabInstance: {fileID: 0}
  m_PrefabAsset: {fileID: 0}
  m_GameObject: {fileID: 6419616379630173638}
  m_LocalRotation: {x: 0.20832612, y: 0.2003134, z: -0.08264298, w: 0.95375305}
  m_LocalPosition: {x: 0.013414243, y: -0.0011269692, z: 0.000112139634}
  m_LocalScale: {x: 1, y: 1, z: 1}
  m_Children:
  - {fileID: 6419616379630330286}
  m_Father: {fileID: 6419616379630330272}
  m_RootOrder: 0
  m_LocalEulerAnglesHint: {x: 0, y: 0, z: 0}
--- !u!1 &6419616379630173640
GameObject:
  m_ObjectHideFlags: 0
  m_CorrespondingSourceObject: {fileID: 0}
  m_PrefabInstance: {fileID: 0}
  m_PrefabAsset: {fileID: 0}
  serializedVersion: 6
  m_Component:
  - component: {fileID: 6419616379630330280}
  m_Layer: 0
  m_Name: R_muslo
  m_TagString: Untagged
  m_Icon: {fileID: 0}
  m_NavMeshLayer: 0
  m_StaticEditorFlags: 0
  m_IsActive: 1
--- !u!4 &6419616379630330280
Transform:
  m_ObjectHideFlags: 0
  m_CorrespondingSourceObject: {fileID: 0}
  m_PrefabInstance: {fileID: 0}
  m_PrefabAsset: {fileID: 0}
  m_GameObject: {fileID: 6419616379630173640}
  m_LocalRotation: {x: 0.41309524, y: -0.31275994, z: 0.693975, w: -0.49993238}
  m_LocalPosition: {x: 0.0028208157, y: -0.002721737, z: 0.0052903686}
  m_LocalScale: {x: 1, y: 1, z: 1}
  m_Children:
  - {fileID: 6419616379630330324}
  m_Father: {fileID: 6419616379630330264}
  m_RootOrder: 2
  m_LocalEulerAnglesHint: {x: 0, y: 0, z: 0}
--- !u!1 &6419616379630173642
GameObject:
  m_ObjectHideFlags: 0
  m_CorrespondingSourceObject: {fileID: 0}
  m_PrefabInstance: {fileID: 0}
  m_PrefabAsset: {fileID: 0}
  serializedVersion: 6
  m_Component:
  - component: {fileID: 6419616379630330282}
  m_Layer: 0
  m_Name: R_pie
  m_TagString: Untagged
  m_Icon: {fileID: 0}
  m_NavMeshLayer: 0
  m_StaticEditorFlags: 0
  m_IsActive: 1
--- !u!4 &6419616379630330282
Transform:
  m_ObjectHideFlags: 0
  m_CorrespondingSourceObject: {fileID: 0}
  m_PrefabInstance: {fileID: 0}
  m_PrefabAsset: {fileID: 0}
  m_GameObject: {fileID: 6419616379630173642}
  m_LocalRotation: {x: 0.13533966, y: 0.016493678, z: -0.2579249, w: 0.95649666}
  m_LocalPosition: {x: 0.003986912, y: -0.0000005698892, z: -0.000000055674068}
  m_LocalScale: {x: 1, y: 1, z: 1}
  m_Children:
  - {fileID: 6419616379630330326}
  m_Father: {fileID: 6419616379630330320}
  m_RootOrder: 0
  m_LocalEulerAnglesHint: {x: 0, y: 0, z: 0}
--- !u!1 &6419616379630173644
GameObject:
  m_ObjectHideFlags: 0
  m_CorrespondingSourceObject: {fileID: 0}
  m_PrefabInstance: {fileID: 0}
  m_PrefabAsset: {fileID: 0}
  serializedVersion: 6
  m_Component:
  - component: {fileID: 6419616379630330284}
  m_Layer: 0
  m_Name: R_dedomano
  m_TagString: Untagged
  m_Icon: {fileID: 0}
  m_NavMeshLayer: 0
  m_StaticEditorFlags: 0
  m_IsActive: 1
--- !u!4 &6419616379630330284
Transform:
  m_ObjectHideFlags: 0
  m_CorrespondingSourceObject: {fileID: 0}
  m_PrefabInstance: {fileID: 0}
  m_PrefabAsset: {fileID: 0}
  m_GameObject: {fileID: 6419616379630173644}
  m_LocalRotation: {x: -0.066990115, y: -0.20343655, z: -0.30551305, w: 0.9277864}
  m_LocalPosition: {x: 0.0061562965, y: -0.0000005731852, z: -0.000000076066996}
  m_LocalScale: {x: 1, y: 1, z: 1}
  m_Children: []
  m_Father: {fileID: 6419616379630330286}
  m_RootOrder: 0
  m_LocalEulerAnglesHint: {x: 0, y: 0, z: 0}
--- !u!1 &6419616379630173646
GameObject:
  m_ObjectHideFlags: 0
  m_CorrespondingSourceObject: {fileID: 0}
  m_PrefabInstance: {fileID: 0}
  m_PrefabAsset: {fileID: 0}
  serializedVersion: 6
  m_Component:
  - component: {fileID: 6419616379630330286}
  m_Layer: 0
  m_Name: R_mano
  m_TagString: Untagged
  m_Icon: {fileID: 0}
  m_NavMeshLayer: 0
  m_StaticEditorFlags: 0
  m_IsActive: 1
--- !u!4 &6419616379630330286
Transform:
  m_ObjectHideFlags: 0
  m_CorrespondingSourceObject: {fileID: 0}
  m_PrefabInstance: {fileID: 0}
  m_PrefabAsset: {fileID: 0}
  m_GameObject: {fileID: 6419616379630173646}
  m_LocalRotation: {x: 0.04490901, y: 0.1322802, z: -0.029349213, w: 0.98975945}
  m_LocalPosition: {x: 0.0071017393, y: -0.00041773642, z: 0.00017068189}
  m_LocalScale: {x: 1, y: 1, z: 1}
  m_Children:
  - {fileID: 6419616379630330284}
  m_Father: {fileID: 6419616379630330278}
  m_RootOrder: 0
  m_LocalEulerAnglesHint: {x: 0, y: 0, z: 0}
--- !u!1 &6419616379630173648
GameObject:
  m_ObjectHideFlags: 0
  m_CorrespondingSourceObject: {fileID: 0}
  m_PrefabInstance: {fileID: 0}
  m_PrefabAsset: {fileID: 0}
  serializedVersion: 6
  m_Component:
  - component: {fileID: 6419616379630330288}
  m_Layer: 0
  m_Name: pasted__pasted__polySurface2
  m_TagString: Untagged
  m_Icon: {fileID: 0}
  m_NavMeshLayer: 0
  m_StaticEditorFlags: 0
  m_IsActive: 1
--- !u!4 &6419616379630330288
Transform:
  m_ObjectHideFlags: 0
  m_CorrespondingSourceObject: {fileID: 0}
  m_PrefabInstance: {fileID: 0}
  m_PrefabAsset: {fileID: 0}
  m_GameObject: {fileID: 6419616379630173648}
  m_LocalRotation: {x: 0, y: -0, z: -0, w: 1}
  m_LocalPosition: {x: -0.10354983, y: 0.03499633, z: 0.108040184}
  m_LocalScale: {x: 1, y: 1, z: 1}
  m_Children:
  - {fileID: 6419616379630330298}
  m_Father: {fileID: 6419616379630330294}
  m_RootOrder: 0
  m_LocalEulerAnglesHint: {x: 0, y: 0, z: 0}
--- !u!1 &6419616379630173650
GameObject:
  m_ObjectHideFlags: 0
  m_CorrespondingSourceObject: {fileID: 0}
  m_PrefabInstance: {fileID: 0}
  m_PrefabAsset: {fileID: 0}
  serializedVersion: 6
  m_Component:
  - component: {fileID: 6419616379630330290}
  - component: {fileID: 6419616379643769012}
  m_Layer: 0
  m_Name: pasted__polySurface1
  m_TagString: Untagged
  m_Icon: {fileID: 0}
  m_NavMeshLayer: 0
  m_StaticEditorFlags: 0
  m_IsActive: 1
--- !u!4 &6419616379630330290
Transform:
  m_ObjectHideFlags: 0
  m_CorrespondingSourceObject: {fileID: 0}
  m_PrefabInstance: {fileID: 0}
  m_PrefabAsset: {fileID: 0}
  m_GameObject: {fileID: 6419616379630173650}
  m_LocalRotation: {x: 0, y: -0, z: -0, w: 1}
  m_LocalPosition: {x: 0.16193232, y: -0.09625276, z: -0.0007432519}
  m_LocalScale: {x: 1, y: 1, z: 1}
  m_Children: []
  m_Father: {fileID: 6419616379630330270}
  m_RootOrder: 1
  m_LocalEulerAnglesHint: {x: 0, y: 0, z: 0}
--- !u!137 &6419616379643769012
SkinnedMeshRenderer:
  m_ObjectHideFlags: 0
  m_CorrespondingSourceObject: {fileID: 0}
  m_PrefabInstance: {fileID: 0}
  m_PrefabAsset: {fileID: 0}
  m_GameObject: {fileID: 6419616379630173650}
  m_Enabled: 1
  m_CastShadows: 1
  m_ReceiveShadows: 1
  m_DynamicOccludee: 1
  m_MotionVectors: 1
  m_LightProbeUsage: 1
  m_ReflectionProbeUsage: 1
  m_RenderingLayerMask: 1
  m_RendererPriority: 0
  m_Materials:
  - {fileID: 2100000, guid: 05414ad0f0d9dac48ab51d2f7a6bb104, type: 3}
  m_StaticBatchInfo:
    firstSubMesh: 0
    subMeshCount: 0
  m_StaticBatchRoot: {fileID: 0}
  m_ProbeAnchor: {fileID: 0}
  m_LightProbeVolumeOverride: {fileID: 0}
  m_ScaleInLightmap: 1
  m_PreserveUVs: 0
  m_IgnoreNormalsForChartDetection: 0
  m_ImportantGI: 0
  m_StitchLightmapSeams: 0
  m_SelectedEditorRenderState: 3
  m_MinimumChartSize: 4
  m_AutoUVMaxDistance: 0.5
  m_AutoUVMaxAngle: 89
  m_LightmapParameters: {fileID: 0}
  m_SortingLayerID: 0
  m_SortingLayer: 0
  m_SortingOrder: 0
  serializedVersion: 2
  m_Quality: 0
  m_UpdateWhenOffscreen: 0
  m_SkinnedMotionVectors: 1
  m_Mesh: {fileID: 4300002, guid: 05414ad0f0d9dac48ab51d2f7a6bb104, type: 3}
  m_Bones:
  - {fileID: 6419616379630330264}
  - {fileID: 6419616379630330252}
  - {fileID: 6419616379630330248}
  - {fileID: 6419616379630330292}
  - {fileID: 6419616379630330254}
  - {fileID: 6419616379630330250}
  - {fileID: 6419616379630330256}
  - {fileID: 6419616379630330262}
  - {fileID: 6419616379630330260}
  - {fileID: 6419616379630330276}
  - {fileID: 6419616379630330246}
  - {fileID: 6419616379630330244}
  - {fileID: 6419616379630330266}
  - {fileID: 6419616379630330242}
  - {fileID: 6419616379630330240}
  - {fileID: 6419616379630330274}
  - {fileID: 6419616379630330272}
  - {fileID: 6419616379630330278}
  - {fileID: 6419616379630330286}
  - {fileID: 6419616379630330284}
  - {fileID: 6419616379630330280}
  - {fileID: 6419616379630330324}
  - {fileID: 6419616379630330320}
  - {fileID: 6419616379630330282}
  - {fileID: 6419616379630330326}
  m_BlendShapeWeights: []
  m_RootBone: {fileID: 6419616379630330264}
  m_AABB:
    m_Center: {x: 0.024686057, y: 0.06020377, z: 0.004981803}
    m_Extent: {x: 0.007263854, y: 0.011942171, z: 0.0067175142}
  m_DirtyAABB: 0
--- !u!1 &6419616379630173652
GameObject:
  m_ObjectHideFlags: 0
  m_CorrespondingSourceObject: {fileID: 0}
  m_PrefabInstance: {fileID: 0}
  m_PrefabAsset: {fileID: 0}
  serializedVersion: 6
  m_Component:
  - component: {fileID: 6419616379630330292}
  m_Layer: 0
  m_Name: L_tobillo
  m_TagString: Untagged
  m_Icon: {fileID: 0}
  m_NavMeshLayer: 0
  m_StaticEditorFlags: 0
  m_IsActive: 1
--- !u!4 &6419616379630330292
Transform:
  m_ObjectHideFlags: 0
  m_CorrespondingSourceObject: {fileID: 0}
  m_PrefabInstance: {fileID: 0}
  m_PrefabAsset: {fileID: 0}
  m_GameObject: {fileID: 6419616379630173652}
  m_LocalRotation: {x: 0.81217533, y: 0.56747454, z: 0.07738296, w: 0.1111566}
  m_LocalPosition: {x: -0.0095876455, y: -0.00017503818, z: -0.00013905218}
  m_LocalScale: {x: 1, y: 1, z: 1}
  m_Children:
  - {fileID: 6419616379630330254}
  m_Father: {fileID: 6419616379630330248}
  m_RootOrder: 0
  m_LocalEulerAnglesHint: {x: 0, y: 0, z: 0}
--- !u!1 &6419616379630173654
GameObject:
  m_ObjectHideFlags: 0
  m_CorrespondingSourceObject: {fileID: 0}
  m_PrefabInstance: {fileID: 0}
  m_PrefabAsset: {fileID: 0}
  serializedVersion: 6
  m_Component:
  - component: {fileID: 6419616379630330294}
  m_Layer: 0
  m_Name: pasted__group
  m_TagString: Untagged
  m_Icon: {fileID: 0}
  m_NavMeshLayer: 0
  m_StaticEditorFlags: 0
  m_IsActive: 1
--- !u!4 &6419616379630330294
Transform:
  m_ObjectHideFlags: 0
  m_CorrespondingSourceObject: {fileID: 0}
  m_PrefabInstance: {fileID: 0}
  m_PrefabAsset: {fileID: 0}
  m_GameObject: {fileID: 6419616379630173654}
  m_LocalRotation: {x: 0, y: -0, z: -0, w: 1}
  m_LocalPosition: {x: 0.10354983, y: 0.010260179, z: -0.108040184}
  m_LocalScale: {x: 1, y: 1, z: 1}
  m_Children:
  - {fileID: 6419616379630330288}
  m_Father: {fileID: 6419616379630330270}
  m_RootOrder: 0
  m_LocalEulerAnglesHint: {x: 0, y: 0, z: 0}
--- !u!1 &6419616379630173656
GameObject:
  m_ObjectHideFlags: 0
  m_CorrespondingSourceObject: {fileID: 0}
  m_PrefabInstance: {fileID: 0}
  m_PrefabAsset: {fileID: 0}
  serializedVersion: 6
  m_Component:
  - component: {fileID: 6419616379630330296}
  m_Layer: 0
  m_Name: pasted__transform1
  m_TagString: Untagged
  m_Icon: {fileID: 0}
  m_NavMeshLayer: 0
  m_StaticEditorFlags: 0
  m_IsActive: 1
--- !u!4 &6419616379630330296
Transform:
  m_ObjectHideFlags: 0
  m_CorrespondingSourceObject: {fileID: 0}
  m_PrefabInstance: {fileID: 0}
  m_PrefabAsset: {fileID: 0}
  m_GameObject: {fileID: 6419616379630173656}
  m_LocalRotation: {x: 0, y: -0, z: -0, w: 1}
  m_LocalPosition: {x: -0, y: 0, z: 0}
  m_LocalScale: {x: 1, y: 1, z: 1}
  m_Children: []
  m_Father: {fileID: 6419616379630330302}
  m_RootOrder: 0
  m_LocalEulerAnglesHint: {x: 0, y: 0, z: 0}
--- !u!1 &6419616379630173658
GameObject:
  m_ObjectHideFlags: 0
  m_CorrespondingSourceObject: {fileID: 0}
  m_PrefabInstance: {fileID: 0}
  m_PrefabAsset: {fileID: 0}
  serializedVersion: 6
  m_Component:
  - component: {fileID: 6419616379630330298}
  m_Layer: 0
  m_Name: pasted__transform2
  m_TagString: Untagged
  m_Icon: {fileID: 0}
  m_NavMeshLayer: 0
  m_StaticEditorFlags: 0
  m_IsActive: 1
--- !u!4 &6419616379630330298
Transform:
  m_ObjectHideFlags: 0
  m_CorrespondingSourceObject: {fileID: 0}
  m_PrefabInstance: {fileID: 0}
  m_PrefabAsset: {fileID: 0}
  m_GameObject: {fileID: 6419616379630173658}
  m_LocalRotation: {x: 0, y: -0, z: -0, w: 1}
  m_LocalPosition: {x: 0.0034134102, y: -0.14556338, z: 0.0006923753}
  m_LocalScale: {x: 1, y: 1, z: 1}
  m_Children: []
  m_Father: {fileID: 6419616379630330288}
  m_RootOrder: 0
  m_LocalEulerAnglesHint: {x: 0, y: 0, z: 0}
--- !u!1 &6419616379630173660
GameObject:
  m_ObjectHideFlags: 0
  m_CorrespondingSourceObject: {fileID: 0}
  m_PrefabInstance: {fileID: 0}
  m_PrefabAsset: {fileID: 0}
  serializedVersion: 6
  m_Component:
  - component: {fileID: 6419616379630330300}
  - component: {fileID: 6419616379643769014}
  m_Layer: 0
  m_Name: pasted__polySurface17
  m_TagString: Untagged
  m_Icon: {fileID: 0}
  m_NavMeshLayer: 0
  m_StaticEditorFlags: 0
  m_IsActive: 1
--- !u!4 &6419616379630330300
Transform:
  m_ObjectHideFlags: 0
  m_CorrespondingSourceObject: {fileID: 0}
  m_PrefabInstance: {fileID: 0}
  m_PrefabAsset: {fileID: 0}
  m_GameObject: {fileID: 6419616379630173660}
  m_LocalRotation: {x: 0, y: -0, z: -0, w: 1}
  m_LocalPosition: {x: 0.20145668, y: -0.2869323, z: 0.003285766}
  m_LocalScale: {x: 1, y: 1, z: 1}
  m_Children: []
  m_Father: {fileID: 6419616379630330268}
  m_RootOrder: 0
  m_LocalEulerAnglesHint: {x: 0, y: 0, z: 0}
--- !u!137 &6419616379643769014
SkinnedMeshRenderer:
  m_ObjectHideFlags: 0
  m_CorrespondingSourceObject: {fileID: 0}
  m_PrefabInstance: {fileID: 0}
  m_PrefabAsset: {fileID: 0}
  m_GameObject: {fileID: 6419616379630173660}
  m_Enabled: 1
  m_CastShadows: 1
  m_ReceiveShadows: 1
  m_DynamicOccludee: 1
  m_MotionVectors: 1
  m_LightProbeUsage: 1
  m_ReflectionProbeUsage: 1
  m_RenderingLayerMask: 1
  m_RendererPriority: 0
  m_Materials:
  - {fileID: 2100000, guid: 05414ad0f0d9dac48ab51d2f7a6bb104, type: 3}
  m_StaticBatchInfo:
    firstSubMesh: 0
    subMeshCount: 0
  m_StaticBatchRoot: {fileID: 0}
  m_ProbeAnchor: {fileID: 0}
  m_LightProbeVolumeOverride: {fileID: 0}
  m_ScaleInLightmap: 1
  m_PreserveUVs: 0
  m_IgnoreNormalsForChartDetection: 0
  m_ImportantGI: 0
  m_StitchLightmapSeams: 0
  m_SelectedEditorRenderState: 3
  m_MinimumChartSize: 4
  m_AutoUVMaxDistance: 0.5
  m_AutoUVMaxAngle: 89
  m_LightmapParameters: {fileID: 0}
  m_SortingLayerID: 0
  m_SortingLayer: 0
  m_SortingOrder: 0
  serializedVersion: 2
  m_Quality: 0
  m_UpdateWhenOffscreen: 0
  m_SkinnedMotionVectors: 1
  m_Mesh: {fileID: 4300000, guid: 05414ad0f0d9dac48ab51d2f7a6bb104, type: 3}
  m_Bones:
  - {fileID: 6419616379630330264}
  - {fileID: 6419616379630330252}
  - {fileID: 6419616379630330248}
  - {fileID: 6419616379630330292}
  - {fileID: 6419616379630330254}
  - {fileID: 6419616379630330250}
  - {fileID: 6419616379630330256}
  - {fileID: 6419616379630330262}
  - {fileID: 6419616379630330260}
  - {fileID: 6419616379630330276}
  - {fileID: 6419616379630330246}
  - {fileID: 6419616379630330244}
  - {fileID: 6419616379630330266}
  - {fileID: 6419616379630330242}
  - {fileID: 6419616379630330240}
  - {fileID: 6419616379630330274}
  - {fileID: 6419616379630330272}
  - {fileID: 6419616379630330278}
  - {fileID: 6419616379630330286}
  - {fileID: 6419616379630330284}
  - {fileID: 6419616379630330280}
  - {fileID: 6419616379630330324}
  - {fileID: 6419616379630330320}
  - {fileID: 6419616379630330282}
  - {fileID: 6419616379630330326}
  m_BlendShapeWeights: []
  m_RootBone: {fileID: 6419616379630330264}
  m_AABB:
    m_Center: {x: 0.0073535126, y: 0.019463118, z: -0.0012790877}
    m_Extent: {x: 0.032371245, y: 0.049249385, z: 0.02867473}
  m_DirtyAABB: 0
--- !u!1 &6419616379630173662
GameObject:
  m_ObjectHideFlags: 0
  m_CorrespondingSourceObject: {fileID: 0}
  m_PrefabInstance: {fileID: 0}
  m_PrefabAsset: {fileID: 0}
  serializedVersion: 6
  m_Component:
  - component: {fileID: 6419616379630330302}
  m_Layer: 0
  m_Name: pasted__pPlane1
  m_TagString: Untagged
  m_Icon: {fileID: 0}
  m_NavMeshLayer: 0
  m_StaticEditorFlags: 0
  m_IsActive: 1
--- !u!4 &6419616379630330302
Transform:
  m_ObjectHideFlags: 0
  m_CorrespondingSourceObject: {fileID: 0}
  m_PrefabInstance: {fileID: 0}
  m_PrefabAsset: {fileID: 0}
  m_GameObject: {fileID: 6419616379630173662}
  m_LocalRotation: {x: 0.124415055, y: -0.67066336, z: 0.7019362, w: 0.20498097}
  m_LocalPosition: {x: 0.009004135, y: 0.093540646, z: 0.003958147}
  m_LocalScale: {x: 0.28481737, y: 0.28481737, z: 0.28481737}
  m_Children:
  - {fileID: 6419616379630330296}
  m_Father: {fileID: 6419616379630330270}
  m_RootOrder: 2
  m_LocalEulerAnglesHint: {x: 0, y: 0, z: 0}
--- !u!1 &6419616379630173680
GameObject:
  m_ObjectHideFlags: 0
  m_CorrespondingSourceObject: {fileID: 0}
  m_PrefabInstance: {fileID: 0}
  m_PrefabAsset: {fileID: 0}
  serializedVersion: 6
  m_Component:
  - component: {fileID: 6419616379630330320}
  m_Layer: 0
  m_Name: R_tobillo
  m_TagString: Untagged
  m_Icon: {fileID: 0}
  m_NavMeshLayer: 0
  m_StaticEditorFlags: 0
  m_IsActive: 1
--- !u!4 &6419616379630330320
Transform:
  m_ObjectHideFlags: 0
  m_CorrespondingSourceObject: {fileID: 0}
  m_PrefabInstance: {fileID: 0}
  m_PrefabAsset: {fileID: 0}
  m_GameObject: {fileID: 6419616379630173680}
  m_LocalRotation: {x: 0.81217533, y: 0.56747454, z: 0.07738296, w: 0.1111566}
  m_LocalPosition: {x: 0.0095882565, y: 0.00017522213, z: 0.00013916485}
  m_LocalScale: {x: 1, y: 1, z: 1}
  m_Children:
  - {fileID: 6419616379630330282}
  m_Father: {fileID: 6419616379630330324}
  m_RootOrder: 0
  m_LocalEulerAnglesHint: {x: 0, y: 0, z: 0}
--- !u!1 &6419616379630173684
GameObject:
  m_ObjectHideFlags: 0
  m_CorrespondingSourceObject: {fileID: 0}
  m_PrefabInstance: {fileID: 0}
  m_PrefabAsset: {fileID: 0}
  serializedVersion: 6
  m_Component:
  - component: {fileID: 6419616379630330324}
  m_Layer: 0
  m_Name: R_pierna
  m_TagString: Untagged
  m_Icon: {fileID: 0}
  m_NavMeshLayer: 0
  m_StaticEditorFlags: 0
  m_IsActive: 1
--- !u!4 &6419616379630330324
Transform:
  m_ObjectHideFlags: 0
  m_CorrespondingSourceObject: {fileID: 0}
  m_PrefabInstance: {fileID: 0}
  m_PrefabAsset: {fileID: 0}
  m_GameObject: {fileID: 6419616379630173684}
  m_LocalRotation: {x: 0.9720307, y: 0.23484816, z: -0.000110447385, w: 0.0016405262}
  m_LocalPosition: {x: 0.009431003, y: 0.00024455125, z: 0.0010188941}
  m_LocalScale: {x: 1, y: 1, z: 1}
  m_Children:
  - {fileID: 6419616379630330320}
  m_Father: {fileID: 6419616379630330280}
  m_RootOrder: 0
  m_LocalEulerAnglesHint: {x: 0, y: 0, z: 0}
--- !u!1 &6419616379630173686
GameObject:
  m_ObjectHideFlags: 0
  m_CorrespondingSourceObject: {fileID: 0}
  m_PrefabInstance: {fileID: 0}
  m_PrefabAsset: {fileID: 0}
  serializedVersion: 6
  m_Component:
  - component: {fileID: 6419616379630330326}
  m_Layer: 0
  m_Name: R_punta_pie
  m_TagString: Untagged
  m_Icon: {fileID: 0}
  m_NavMeshLayer: 0
  m_StaticEditorFlags: 0
  m_IsActive: 1
--- !u!4 &6419616379630330326
Transform:
  m_ObjectHideFlags: 0
  m_CorrespondingSourceObject: {fileID: 0}
  m_PrefabInstance: {fileID: 0}
  m_PrefabAsset: {fileID: 0}
  m_GameObject: {fileID: 6419616379630173686}
  m_LocalRotation: {x: -0.0293864, y: -0.70649594, z: -0.0293864, w: 0.70649594}
  m_LocalPosition: {x: 0.005344703, y: 0.00000063780476, z: -0.00000012608648}
  m_LocalScale: {x: 1, y: 1, z: 1}
  m_Children: []
  m_Father: {fileID: 6419616379630330282}
  m_RootOrder: 0
  m_LocalEulerAnglesHint: {x: 0, y: 0, z: 0}
