%YAML 1.1
%TAG !u! tag:unity3d.com,2011:
--- !u!1 &1445981331804004641
GameObject:
  m_ObjectHideFlags: 0
  m_CorrespondingSourceObject: {fileID: 0}
  m_PrefabInstance: {fileID: 0}
  m_PrefabAsset: {fileID: 0}
  serializedVersion: 6
  m_Component:
  - component: {fileID: 1445981331803716865}
  m_Layer: 0
  m_Name: cabeza
  m_TagString: Untagged
  m_Icon: {fileID: 0}
  m_NavMeshLayer: 0
  m_StaticEditorFlags: 0
  m_IsActive: 1
--- !u!4 &1445981331803716865
Transform:
  m_ObjectHideFlags: 0
  m_CorrespondingSourceObject: {fileID: 0}
  m_PrefabInstance: {fileID: 0}
  m_PrefabAsset: {fileID: 0}
  m_GameObject: {fileID: 1445981331804004641}
  m_LocalRotation: {x: -0.08816383, y: 0.012814517, z: -0.018139077, w: 0.9958584}
  m_LocalPosition: {x: -0.005223919, y: 5.496905e-18, z: 1.3877787e-19}
  m_LocalScale: {x: 1, y: 1, z: 1}
  m_Children:
  - {fileID: 1445981331803716901}
  m_Father: {fileID: 1445981331803716867}
  m_RootOrder: 0
  m_LocalEulerAnglesHint: {x: 0, y: 0, z: 0}
--- !u!1 &1445981331804004643
GameObject:
  m_ObjectHideFlags: 0
  m_CorrespondingSourceObject: {fileID: 0}
  m_PrefabInstance: {fileID: 0}
  m_PrefabAsset: {fileID: 0}
  serializedVersion: 6
  m_Component:
  - component: {fileID: 1445981331803716867}
  m_Layer: 0
  m_Name: cuello
  m_TagString: Untagged
  m_Icon: {fileID: 0}
  m_NavMeshLayer: 0
  m_StaticEditorFlags: 0
  m_IsActive: 1
--- !u!4 &1445981331803716867
Transform:
  m_ObjectHideFlags: 0
  m_CorrespondingSourceObject: {fileID: 0}
  m_PrefabInstance: {fileID: 0}
  m_PrefabAsset: {fileID: 0}
  m_GameObject: {fileID: 1445981331804004643}
  m_LocalRotation: {x: 0.027518015, y: -0.0033999097, z: 0.03959589, w: 0.99883103}
  m_LocalPosition: {x: -0.011568701, y: -4.9960034e-18, z: -3.1925648e-18}
  m_LocalScale: {x: 1, y: 1, z: 1}
  m_Children:
  - {fileID: 1445981331803716865}
  - {fileID: 1445981331803716881}
  - {fileID: 1445981331803716907}
  m_Father: {fileID: 1445981331803716869}
  m_RootOrder: 0
  m_LocalEulerAnglesHint: {x: 0, y: 0, z: 0}
--- !u!1 &1445981331804004645
GameObject:
  m_ObjectHideFlags: 0
  m_CorrespondingSourceObject: {fileID: 0}
  m_PrefabInstance: {fileID: 0}
  m_PrefabAsset: {fileID: 0}
  serializedVersion: 6
  m_Component:
  - component: {fileID: 1445981331803716869}
  m_Layer: 0
  m_Name: espalda
  m_TagString: Untagged
  m_Icon: {fileID: 0}
  m_NavMeshLayer: 0
  m_StaticEditorFlags: 0
  m_IsActive: 1
--- !u!4 &1445981331803716869
Transform:
  m_ObjectHideFlags: 0
  m_CorrespondingSourceObject: {fileID: 0}
  m_PrefabInstance: {fileID: 0}
  m_PrefabAsset: {fileID: 0}
  m_GameObject: {fileID: 1445981331804004645}
  m_LocalRotation: {x: -0.29041615, y: 0.42186618, z: -0.66447985, w: 0.54420024}
  m_LocalPosition: {x: 0.0037465515, y: 0.009107287, z: -0.0019800486}
  m_LocalScale: {x: 1, y: 1, z: 1}
  m_Children:
  - {fileID: 1445981331803716867}
  m_Father: {fileID: 1445981331803716875}
  m_RootOrder: 0
  m_LocalEulerAnglesHint: {x: 0, y: 0, z: 0}
--- !u!1 &1445981331804004647
GameObject:
  m_ObjectHideFlags: 0
  m_CorrespondingSourceObject: {fileID: 0}
  m_PrefabInstance: {fileID: 0}
  m_PrefabAsset: {fileID: 0}
  serializedVersion: 6
  m_Component:
  - component: {fileID: 1445981331803716871}
  - component: {fileID: 1445981331813520097}
  m_Layer: 0
  m_Name: fbx_general_animated
  m_TagString: Untagged
  m_Icon: {fileID: 0}
  m_NavMeshLayer: 0
  m_StaticEditorFlags: 0
  m_IsActive: 1
--- !u!4 &1445981331803716871
Transform:
  m_ObjectHideFlags: 0
  m_CorrespondingSourceObject: {fileID: 0}
  m_PrefabInstance: {fileID: 0}
  m_PrefabAsset: {fileID: 0}
  m_GameObject: {fileID: 1445981331804004647}
  m_LocalRotation: {x: 0, y: 0, z: 0, w: 1}
  m_LocalPosition: {x: 0, y: 0, z: 0}
  m_LocalScale: {x: 1, y: 1, z: 1}
  m_Children:
  - {fileID: 1445981331803716873}
  - {fileID: 1445981331803716875}
  m_Father: {fileID: 0}
  m_RootOrder: 0
  m_LocalEulerAnglesHint: {x: 0, y: 0, z: 0}
--- !u!95 &1445981331813520097
Animator:
  serializedVersion: 3
  m_ObjectHideFlags: 0
  m_CorrespondingSourceObject: {fileID: 0}
  m_PrefabInstance: {fileID: 0}
  m_PrefabAsset: {fileID: 0}
  m_GameObject: {fileID: 1445981331804004647}
  m_Enabled: 1
  m_Avatar: {fileID: 9000000, guid: e3674b63c88ae534894039b375eca41c, type: 3}
  m_Controller: {fileID: 9100000, guid: 19c5459e9aee2cf4a9fb5a1d58a6da3e, type: 2}
  m_CullingMode: 1
  m_UpdateMode: 0
  m_ApplyRootMotion: 1
  m_LinearVelocityBlending: 0
  m_WarningMessage: 
  m_HasTransformHierarchy: 1
  m_AllowConstantClipSamplingOptimization: 1
  m_KeepAnimatorControllerStateOnDisable: 0
--- !u!1 &1445981331804004649
GameObject:
  m_ObjectHideFlags: 0
  m_CorrespondingSourceObject: {fileID: 0}
  m_PrefabInstance: {fileID: 0}
  m_PrefabAsset: {fileID: 0}
  serializedVersion: 6
  m_Component:
  - component: {fileID: 1445981331803716873}
  m_Layer: 0
  m_Name: group19
  m_TagString: Untagged
  m_Icon: {fileID: 0}
  m_NavMeshLayer: 0
  m_StaticEditorFlags: 0
  m_IsActive: 1
--- !u!4 &1445981331803716873
Transform:
  m_ObjectHideFlags: 0
  m_CorrespondingSourceObject: {fileID: 0}
  m_PrefabInstance: {fileID: 0}
  m_PrefabAsset: {fileID: 0}
  m_GameObject: {fileID: 1445981331804004649}
  m_LocalRotation: {x: 0, y: -0, z: -0, w: 1}
  m_LocalPosition: {x: 0.13001288, y: 0.14543259, z: 0.0001503907}
  m_LocalScale: {x: 1, y: 1, z: 1}
  m_Children:
  - {fileID: 1445981331803716897}
  m_Father: {fileID: 1445981331803716871}
  m_RootOrder: 0
  m_LocalEulerAnglesHint: {x: 0, y: 0, z: 0}
--- !u!1 &1445981331804004651
GameObject:
  m_ObjectHideFlags: 0
  m_CorrespondingSourceObject: {fileID: 0}
  m_PrefabInstance: {fileID: 0}
  m_PrefabAsset: {fileID: 0}
  serializedVersion: 6
  m_Component:
  - component: {fileID: 1445981331803716875}
  m_Layer: 0
  m_Name: hips
  m_TagString: Untagged
  m_Icon: {fileID: 0}
  m_NavMeshLayer: 0
  m_StaticEditorFlags: 0
  m_IsActive: 1
--- !u!4 &1445981331803716875
Transform:
  m_ObjectHideFlags: 0
  m_CorrespondingSourceObject: {fileID: 0}
  m_PrefabInstance: {fileID: 0}
  m_PrefabAsset: {fileID: 0}
  m_GameObject: {fileID: 1445981331804004651}
  m_LocalRotation: {x: 0.03441582, y: 0.24274239, z: 0.13609111, w: 0.9598807}
  m_LocalPosition: {x: 0, y: 0, z: 0}
  m_LocalScale: {x: 1, y: 1, z: 1}
  m_Children:
  - {fileID: 1445981331803716869}
  - {fileID: 1445981331803716887}
  - {fileID: 1445981331803716913}
  m_Father: {fileID: 1445981331803716871}
  m_RootOrder: 1
  m_LocalEulerAnglesHint: {x: 0, y: 0, z: 0}
--- !u!1 &1445981331804004653
GameObject:
  m_ObjectHideFlags: 0
  m_CorrespondingSourceObject: {fileID: 0}
  m_PrefabInstance: {fileID: 0}
  m_PrefabAsset: {fileID: 0}
  serializedVersion: 6
  m_Component:
  - component: {fileID: 1445981331803716877}
  m_Layer: 0
  m_Name: L_antebrazo
  m_TagString: Untagged
  m_Icon: {fileID: 0}
  m_NavMeshLayer: 0
  m_StaticEditorFlags: 0
  m_IsActive: 1
--- !u!4 &1445981331803716877
Transform:
  m_ObjectHideFlags: 0
  m_CorrespondingSourceObject: {fileID: 0}
  m_PrefabInstance: {fileID: 0}
  m_PrefabAsset: {fileID: 0}
  m_GameObject: {fileID: 1445981331804004653}
  m_LocalRotation: {x: 0.20826687, y: 0.2003806, z: -0.1078449, w: 0.95123184}
  m_LocalPosition: {x: -0.011805297, y: 0.0009790488, z: 0.0006786164}
  m_LocalScale: {x: 1, y: 1, z: 1}
  m_Children:
  - {fileID: 1445981331803716885}
  m_Father: {fileID: 1445981331803716879}
  m_RootOrder: 0
  m_LocalEulerAnglesHint: {x: 0, y: 0, z: 0}
--- !u!1 &1445981331804004655
GameObject:
  m_ObjectHideFlags: 0
  m_CorrespondingSourceObject: {fileID: 0}
  m_PrefabInstance: {fileID: 0}
  m_PrefabAsset: {fileID: 0}
  serializedVersion: 6
  m_Component:
  - component: {fileID: 1445981331803716879}
  m_Layer: 0
  m_Name: L_brazo
  m_TagString: Untagged
  m_Icon: {fileID: 0}
  m_NavMeshLayer: 0
  m_StaticEditorFlags: 0
  m_IsActive: 1
--- !u!4 &1445981331803716879
Transform:
  m_ObjectHideFlags: 0
  m_CorrespondingSourceObject: {fileID: 0}
  m_PrefabInstance: {fileID: 0}
  m_PrefabAsset: {fileID: 0}
  m_GameObject: {fileID: 1445981331804004655}
  m_LocalRotation: {x: 0.09451174, y: 0.20234856, z: 0.5141763, w: 0.82809746}
  m_LocalPosition: {x: -0.007792088, y: -0.00011013177, z: -0.0009910736}
  m_LocalScale: {x: 1, y: 1, z: 1}
  m_Children:
  - {fileID: 1445981331803716877}
  m_Father: {fileID: 1445981331803716881}
  m_RootOrder: 0
  m_LocalEulerAnglesHint: {x: 0, y: 0, z: 0}
--- !u!1 &1445981331804004657
GameObject:
  m_ObjectHideFlags: 0
  m_CorrespondingSourceObject: {fileID: 0}
  m_PrefabInstance: {fileID: 0}
  m_PrefabAsset: {fileID: 0}
  serializedVersion: 6
  m_Component:
  - component: {fileID: 1445981331803716881}
  m_Layer: 0
  m_Name: L_clavicula
  m_TagString: Untagged
  m_Icon: {fileID: 0}
  m_NavMeshLayer: 0
  m_StaticEditorFlags: 0
  m_IsActive: 1
--- !u!4 &1445981331803716881
Transform:
  m_ObjectHideFlags: 0
  m_CorrespondingSourceObject: {fileID: 0}
  m_PrefabInstance: {fileID: 0}
  m_PrefabAsset: {fileID: 0}
  m_GameObject: {fileID: 1445981331804004657}
  m_LocalRotation: {x: -0.63780755, y: 0.64177006, z: -0.24947901, w: -0.34509847}
  m_LocalPosition: {x: 0.0009927186, y: -0.008319358, z: -0.0022587327}
  m_LocalScale: {x: 1, y: 1, z: 1}
  m_Children:
  - {fileID: 1445981331803716879}
  m_Father: {fileID: 1445981331803716867}
  m_RootOrder: 1
  m_LocalEulerAnglesHint: {x: 0, y: 0, z: 0}
--- !u!1 &1445981331804004659
GameObject:
  m_ObjectHideFlags: 0
  m_CorrespondingSourceObject: {fileID: 0}
  m_PrefabInstance: {fileID: 0}
  m_PrefabAsset: {fileID: 0}
  serializedVersion: 6
  m_Component:
  - component: {fileID: 1445981331803716883}
  m_Layer: 0
  m_Name: L_dedomano
  m_TagString: Untagged
  m_Icon: {fileID: 0}
  m_NavMeshLayer: 0
  m_StaticEditorFlags: 0
  m_IsActive: 1
--- !u!4 &1445981331803716883
Transform:
  m_ObjectHideFlags: 0
  m_CorrespondingSourceObject: {fileID: 0}
  m_PrefabInstance: {fileID: 0}
  m_PrefabAsset: {fileID: 0}
  m_GameObject: {fileID: 1445981331804004659}
  m_LocalRotation: {x: -0.066990115, y: -0.20343655, z: -0.30551305, w: 0.9277864}
  m_LocalPosition: {x: -0.006156665, y: -1.4224732e-18, z: 2.7295819e-18}
  m_LocalScale: {x: 1, y: 1, z: 1}
  m_Children: []
  m_Father: {fileID: 1445981331803716885}
  m_RootOrder: 0
  m_LocalEulerAnglesHint: {x: 0, y: 0, z: 0}
--- !u!1 &1445981331804004661
GameObject:
  m_ObjectHideFlags: 0
  m_CorrespondingSourceObject: {fileID: 0}
  m_PrefabInstance: {fileID: 0}
  m_PrefabAsset: {fileID: 0}
  serializedVersion: 6
  m_Component:
  - component: {fileID: 1445981331803716885}
  m_Layer: 0
  m_Name: L_mano
  m_TagString: Untagged
  m_Icon: {fileID: 0}
  m_NavMeshLayer: 0
  m_StaticEditorFlags: 0
  m_IsActive: 1
--- !u!4 &1445981331803716885
Transform:
  m_ObjectHideFlags: 0
  m_CorrespondingSourceObject: {fileID: 0}
  m_PrefabInstance: {fileID: 0}
  m_PrefabAsset: {fileID: 0}
  m_GameObject: {fileID: 1445981331804004661}
  m_LocalRotation: {x: 0.04490901, y: 0.1322802, z: -0.029349213, w: 0.98975945}
  m_LocalPosition: {x: -0.007182065, y: 0.00016077733, z: 0.00020518801}
  m_LocalScale: {x: 1, y: 1, z: 1}
  m_Children:
  - {fileID: 1445981331803716883}
  m_Father: {fileID: 1445981331803716877}
  m_RootOrder: 0
  m_LocalEulerAnglesHint: {x: 0, y: 0, z: 0}
--- !u!1 &1445981331804004663
GameObject:
  m_ObjectHideFlags: 0
  m_CorrespondingSourceObject: {fileID: 0}
  m_PrefabInstance: {fileID: 0}
  m_PrefabAsset: {fileID: 0}
  serializedVersion: 6
  m_Component:
  - component: {fileID: 1445981331803716887}
  m_Layer: 0
  m_Name: L_muslo
  m_TagString: Untagged
  m_Icon: {fileID: 0}
  m_NavMeshLayer: 0
  m_StaticEditorFlags: 0
  m_IsActive: 1
--- !u!4 &1445981331803716887
Transform:
  m_ObjectHideFlags: 0
  m_CorrespondingSourceObject: {fileID: 0}
  m_PrefabInstance: {fileID: 0}
  m_PrefabAsset: {fileID: 0}
  m_GameObject: {fileID: 1445981331804004663}
  m_LocalRotation: {x: 0.4435344, y: 0.26785013, z: 0.4009479, w: 0.75549614}
  m_LocalPosition: {x: -0.0065842504, y: 4.6716793e-19, z: -3.792244e-19}
  m_LocalScale: {x: 1, y: 1, z: 1}
  m_Children:
  - {fileID: 1445981331803716891}
  m_Father: {fileID: 1445981331803716875}
  m_RootOrder: 1
  m_LocalEulerAnglesHint: {x: 0, y: 0, z: 0}
--- !u!1 &1445981331804004665
GameObject:
  m_ObjectHideFlags: 0
  m_CorrespondingSourceObject: {fileID: 0}
  m_PrefabInstance: {fileID: 0}
  m_PrefabAsset: {fileID: 0}
  serializedVersion: 6
  m_Component:
  - component: {fileID: 1445981331803716889}
  m_Layer: 0
  m_Name: L_pie
  m_TagString: Untagged
  m_Icon: {fileID: 0}
  m_NavMeshLayer: 0
  m_StaticEditorFlags: 0
  m_IsActive: 1
--- !u!4 &1445981331803716889
Transform:
  m_ObjectHideFlags: 0
  m_CorrespondingSourceObject: {fileID: 0}
  m_PrefabInstance: {fileID: 0}
  m_PrefabAsset: {fileID: 0}
  m_GameObject: {fileID: 1445981331804004665}
  m_LocalRotation: {x: 0.13533966, y: 0.016493678, z: -0.2579249, w: 0.95649666}
  m_LocalPosition: {x: -0.003987334, y: 5.551115e-19, z: 6.1941606e-19}
  m_LocalScale: {x: 1, y: 1, z: 1}
  m_Children:
  - {fileID: 1445981331803716893}
  m_Father: {fileID: 1445981331803716895}
  m_RootOrder: 0
  m_LocalEulerAnglesHint: {x: 0, y: 0, z: 0}
--- !u!1 &1445981331804004667
GameObject:
  m_ObjectHideFlags: 0
  m_CorrespondingSourceObject: {fileID: 0}
  m_PrefabInstance: {fileID: 0}
  m_PrefabAsset: {fileID: 0}
  serializedVersion: 6
  m_Component:
  - component: {fileID: 1445981331803716891}
  m_Layer: 0
  m_Name: L_pierna
  m_TagString: Untagged
  m_Icon: {fileID: 0}
  m_NavMeshLayer: 0
  m_StaticEditorFlags: 0
  m_IsActive: 1
--- !u!4 &1445981331803716891
Transform:
  m_ObjectHideFlags: 0
  m_CorrespondingSourceObject: {fileID: 0}
  m_PrefabInstance: {fileID: 0}
  m_PrefabAsset: {fileID: 0}
  m_GameObject: {fileID: 1445981331804004667}
  m_LocalRotation: {x: 0.9720307, y: 0.23484816, z: -0.000110447385, w: 0.0016405262}
  m_LocalPosition: {x: -0.009361997, y: -0.00023221884, z: -0.00071471557}
  m_LocalScale: {x: 1, y: 1, z: 1}
  m_Children:
  - {fileID: 1445981331803716895}
  m_Father: {fileID: 1445981331803716887}
  m_RootOrder: 0
  m_LocalEulerAnglesHint: {x: 0, y: 0, z: 0}
--- !u!1 &1445981331804004669
GameObject:
  m_ObjectHideFlags: 0
  m_CorrespondingSourceObject: {fileID: 0}
  m_PrefabInstance: {fileID: 0}
  m_PrefabAsset: {fileID: 0}
  serializedVersion: 6
  m_Component:
  - component: {fileID: 1445981331803716893}
  m_Layer: 0
  m_Name: L_punta_pie
  m_TagString: Untagged
  m_Icon: {fileID: 0}
  m_NavMeshLayer: 0
  m_StaticEditorFlags: 0
  m_IsActive: 1
--- !u!4 &1445981331803716893
Transform:
  m_ObjectHideFlags: 0
  m_CorrespondingSourceObject: {fileID: 0}
  m_PrefabInstance: {fileID: 0}
  m_PrefabAsset: {fileID: 0}
  m_GameObject: {fileID: 1445981331804004669}
  m_LocalRotation: {x: -0.0293864, y: -0.70649594, z: -0.0293864, w: 0.70649594}
  m_LocalPosition: {x: -0.0053446637, y: 2.872702e-17, z: 5.1181212e-11}
  m_LocalScale: {x: 1, y: 1, z: 1}
  m_Children: []
  m_Father: {fileID: 1445981331803716889}
  m_RootOrder: 0
  m_LocalEulerAnglesHint: {x: 0, y: 0, z: 0}
--- !u!1 &1445981331804004671
GameObject:
  m_ObjectHideFlags: 0
  m_CorrespondingSourceObject: {fileID: 0}
  m_PrefabInstance: {fileID: 0}
  m_PrefabAsset: {fileID: 0}
  serializedVersion: 6
  m_Component:
  - component: {fileID: 1445981331803716895}
  m_Layer: 0
  m_Name: L_tobillo
  m_TagString: Untagged
  m_Icon: {fileID: 0}
  m_NavMeshLayer: 0
  m_StaticEditorFlags: 0
  m_IsActive: 1
--- !u!4 &1445981331803716895
Transform:
  m_ObjectHideFlags: 0
  m_CorrespondingSourceObject: {fileID: 0}
  m_PrefabInstance: {fileID: 0}
  m_PrefabAsset: {fileID: 0}
  m_GameObject: {fileID: 1445981331804004671}
  m_LocalRotation: {x: 0.81217533, y: 0.56747454, z: 0.07738296, w: 0.1111566}
  m_LocalPosition: {x: -0.0095876455, y: -0.00017503818, z: -0.00013905218}
  m_LocalScale: {x: 1, y: 1, z: 1}
  m_Children:
  - {fileID: 1445981331803716889}
  m_Father: {fileID: 1445981331803716891}
  m_RootOrder: 0
  m_LocalEulerAnglesHint: {x: 0, y: 0, z: 0}
--- !u!1 &1445981331804004673
GameObject:
  m_ObjectHideFlags: 0
  m_CorrespondingSourceObject: {fileID: 0}
  m_PrefabInstance: {fileID: 0}
  m_PrefabAsset: {fileID: 0}
  serializedVersion: 6
  m_Component:
  - component: {fileID: 1445981331803716897}
  m_Layer: 0
  m_Name: pasted__group8
  m_TagString: Untagged
  m_Icon: {fileID: 0}
  m_NavMeshLayer: 0
  m_StaticEditorFlags: 0
  m_IsActive: 1
--- !u!4 &1445981331803716897
Transform:
  m_ObjectHideFlags: 0
  m_CorrespondingSourceObject: {fileID: 0}
  m_PrefabInstance: {fileID: 0}
  m_PrefabAsset: {fileID: 0}
  m_GameObject: {fileID: 1445981331804004673}
  m_LocalRotation: {x: 0, y: -0, z: -0, w: 1}
  m_LocalPosition: {x: -0.13001288, y: -0.038815048, z: 0.00018535867}
  m_LocalScale: {x: 1, y: 1, z: 1}
  m_Children:
  - {fileID: 1445981331803716899}
  m_Father: {fileID: 1445981331803716873}
  m_RootOrder: 0
  m_LocalEulerAnglesHint: {x: 0, y: 0, z: 0}
--- !u!1 &1445981331804004675
GameObject:
  m_ObjectHideFlags: 0
  m_CorrespondingSourceObject: {fileID: 0}
  m_PrefabInstance: {fileID: 0}
  m_PrefabAsset: {fileID: 0}
  serializedVersion: 6
  m_Component:
  - component: {fileID: 1445981331803716899}
  - component: {fileID: 1445981331817671713}
  m_Layer: 0
  m_Name: pasted__pasted__polySurface10
  m_TagString: Untagged
  m_Icon: {fileID: 0}
  m_NavMeshLayer: 0
  m_StaticEditorFlags: 0
  m_IsActive: 1
--- !u!4 &1445981331803716899
Transform:
  m_ObjectHideFlags: 0
  m_CorrespondingSourceObject: {fileID: 0}
  m_PrefabInstance: {fileID: 0}
  m_PrefabAsset: {fileID: 0}
  m_GameObject: {fileID: 1445981331804004675}
  m_LocalRotation: {x: 0, y: -0, z: -0, w: 1}
  m_LocalPosition: {x: -0.000009158198, y: -0.045803674, z: -0.00043808116}
  m_LocalScale: {x: 0.44792548, y: 0.44792548, z: 0.44792548}
  m_Children: []
  m_Father: {fileID: 1445981331803716897}
  m_RootOrder: 0
  m_LocalEulerAnglesHint: {x: 0, y: 0, z: 0}
--- !u!137 &1445981331817671713
SkinnedMeshRenderer:
  m_ObjectHideFlags: 0
  m_CorrespondingSourceObject: {fileID: 0}
  m_PrefabInstance: {fileID: 0}
  m_PrefabAsset: {fileID: 0}
  m_GameObject: {fileID: 1445981331804004675}
  m_Enabled: 1
  m_CastShadows: 1
  m_ReceiveShadows: 1
  m_DynamicOccludee: 1
  m_MotionVectors: 1
  m_LightProbeUsage: 1
  m_ReflectionProbeUsage: 1
  m_RenderingLayerMask: 1
  m_RendererPriority: 0
  m_Materials:
  - {fileID: 2100000, guid: e3674b63c88ae534894039b375eca41c, type: 3}
  - {fileID: 2100002, guid: e3674b63c88ae534894039b375eca41c, type: 3}
  m_StaticBatchInfo:
    firstSubMesh: 0
    subMeshCount: 0
  m_StaticBatchRoot: {fileID: 0}
  m_ProbeAnchor: {fileID: 0}
  m_LightProbeVolumeOverride: {fileID: 0}
  m_ScaleInLightmap: 1
  m_PreserveUVs: 0
  m_IgnoreNormalsForChartDetection: 0
  m_ImportantGI: 0
  m_StitchLightmapSeams: 0
  m_SelectedEditorRenderState: 3
  m_MinimumChartSize: 4
  m_AutoUVMaxDistance: 0.5
  m_AutoUVMaxAngle: 89
  m_LightmapParameters: {fileID: 0}
  m_SortingLayerID: 0
  m_SortingLayer: 0
  m_SortingOrder: 0
  serializedVersion: 2
  m_Quality: 0
  m_UpdateWhenOffscreen: 0
  m_SkinnedMotionVectors: 1
  m_Mesh: {fileID: 4300000, guid: e3674b63c88ae534894039b375eca41c, type: 3}
  m_Bones:
  - {fileID: 1445981331803716875}
  - {fileID: 1445981331803716887}
  - {fileID: 1445981331803716891}
  - {fileID: 1445981331803716895}
  - {fileID: 1445981331803716889}
  - {fileID: 1445981331803716893}
  - {fileID: 1445981331803716869}
  - {fileID: 1445981331803716867}
  - {fileID: 1445981331803716865}
  - {fileID: 1445981331803716901}
  - {fileID: 1445981331803716881}
  - {fileID: 1445981331803716879}
  - {fileID: 1445981331803716877}
  - {fileID: 1445981331803716885}
  - {fileID: 1445981331803716883}
  - {fileID: 1445981331803716907}
  - {fileID: 1445981331803716905}
  - {fileID: 1445981331803716903}
  - {fileID: 1445981331803716911}
  - {fileID: 1445981331803716909}
  - {fileID: 1445981331803716913}
  - {fileID: 1445981331803716917}
  - {fileID: 1445981331803716921}
  - {fileID: 1445981331803716915}
  - {fileID: 1445981331803716919}
  m_BlendShapeWeights: []
  m_RootBone: {fileID: 1445981331803716875}
  m_AABB:
    m_Center: {x: 0.0042665564, y: 0.0204825, z: 0.0018738657}
    m_Extent: {x: 0.03628565, y: 0.049428042, z: 0.024366662}
  m_DirtyAABB: 0
--- !u!1 &1445981331804004677
GameObject:
  m_ObjectHideFlags: 0
  m_CorrespondingSourceObject: {fileID: 0}
  m_PrefabInstance: {fileID: 0}
  m_PrefabAsset: {fileID: 0}
  serializedVersion: 6
  m_Component:
  - component: {fileID: 1445981331803716901}
  m_Layer: 0
  m_Name: puntacabeza
  m_TagString: Untagged
  m_Icon: {fileID: 0}
  m_NavMeshLayer: 0
  m_StaticEditorFlags: 0
  m_IsActive: 1
--- !u!4 &1445981331803716901
Transform:
  m_ObjectHideFlags: 0
  m_CorrespondingSourceObject: {fileID: 0}
  m_PrefabInstance: {fileID: 0}
  m_PrefabAsset: {fileID: 0}
  m_GameObject: {fileID: 1445981331804004677}
  m_LocalRotation: {x: -0.49533486, y: 0.5621088, z: -0.43788993, w: -0.49691996}
  m_LocalPosition: {x: -0.025505466, y: 1.5687321e-17, z: 8.448103e-18}
  m_LocalScale: {x: 1, y: 1, z: 1}
  m_Children: []
  m_Father: {fileID: 1445981331803716865}
  m_RootOrder: 0
  m_LocalEulerAnglesHint: {x: 0, y: 0, z: 0}
--- !u!1 &1445981331804004679
GameObject:
  m_ObjectHideFlags: 0
  m_CorrespondingSourceObject: {fileID: 0}
  m_PrefabInstance: {fileID: 0}
  m_PrefabAsset: {fileID: 0}
  serializedVersion: 6
  m_Component:
  - component: {fileID: 1445981331803716903}
  m_Layer: 0
  m_Name: R_antebrazo
  m_TagString: Untagged
  m_Icon: {fileID: 0}
  m_NavMeshLayer: 0
  m_StaticEditorFlags: 0
  m_IsActive: 1
--- !u!4 &1445981331803716903
Transform:
  m_ObjectHideFlags: 0
  m_CorrespondingSourceObject: {fileID: 0}
  m_PrefabInstance: {fileID: 0}
  m_PrefabAsset: {fileID: 0}
  m_GameObject: {fileID: 1445981331804004679}
  m_LocalRotation: {x: 0.20826687, y: 0.2003806, z: -0.1078449, w: 0.95123184}
  m_LocalPosition: {x: 0.011804995, y: -0.0009793079, z: -0.00067862147}
  m_LocalScale: {x: 1, y: 1, z: 1}
  m_Children:
  - {fileID: 1445981331803716911}
  m_Father: {fileID: 1445981331803716905}
  m_RootOrder: 0
  m_LocalEulerAnglesHint: {x: 0, y: 0, z: 0}
--- !u!1 &1445981331804004681
GameObject:
  m_ObjectHideFlags: 0
  m_CorrespondingSourceObject: {fileID: 0}
  m_PrefabInstance: {fileID: 0}
  m_PrefabAsset: {fileID: 0}
  serializedVersion: 6
  m_Component:
  - component: {fileID: 1445981331803716905}
  m_Layer: 0
  m_Name: R_brazo
  m_TagString: Untagged
  m_Icon: {fileID: 0}
  m_NavMeshLayer: 0
  m_StaticEditorFlags: 0
  m_IsActive: 1
--- !u!4 &1445981331803716905
Transform:
  m_ObjectHideFlags: 0
  m_CorrespondingSourceObject: {fileID: 0}
  m_PrefabInstance: {fileID: 0}
  m_PrefabAsset: {fileID: 0}
  m_GameObject: {fileID: 1445981331804004681}
  m_LocalRotation: {x: 0.09451174, y: 0.20234856, z: 0.5141763, w: 0.82809746}
  m_LocalPosition: {x: 0.0077920025, y: 0.000110727815, z: 0.0009910732}
  m_LocalScale: {x: 1, y: 1, z: 1}
  m_Children:
  - {fileID: 1445981331803716903}
  m_Father: {fileID: 1445981331803716907}
  m_RootOrder: 0
  m_LocalEulerAnglesHint: {x: 0, y: 0, z: 0}
--- !u!1 &1445981331804004683
GameObject:
  m_ObjectHideFlags: 0
  m_CorrespondingSourceObject: {fileID: 0}
  m_PrefabInstance: {fileID: 0}
  m_PrefabAsset: {fileID: 0}
  serializedVersion: 6
  m_Component:
  - component: {fileID: 1445981331803716907}
  m_Layer: 0
  m_Name: R_clavicula
  m_TagString: Untagged
  m_Icon: {fileID: 0}
  m_NavMeshLayer: 0
  m_StaticEditorFlags: 0
  m_IsActive: 1
--- !u!4 &1445981331803716907
Transform:
  m_ObjectHideFlags: 0
  m_CorrespondingSourceObject: {fileID: 0}
  m_PrefabInstance: {fileID: 0}
  m_PrefabAsset: {fileID: 0}
  m_GameObject: {fileID: 1445981331804004683}
  m_LocalRotation: {x: 0.6575263, y: 0.65346646, z: 0.30392087, w: -0.21971084}
  m_LocalPosition: {x: 0.0010409333, y: -0.0080237705, z: 0.003135843}
  m_LocalScale: {x: 1, y: 1, z: 1}
  m_Children:
  - {fileID: 1445981331803716905}
  m_Father: {fileID: 1445981331803716867}
  m_RootOrder: 2
  m_LocalEulerAnglesHint: {x: 0, y: 0, z: 0}
--- !u!1 &1445981331804004685
GameObject:
  m_ObjectHideFlags: 0
  m_CorrespondingSourceObject: {fileID: 0}
  m_PrefabInstance: {fileID: 0}
  m_PrefabAsset: {fileID: 0}
  serializedVersion: 6
  m_Component:
  - component: {fileID: 1445981331803716909}
  m_Layer: 0
  m_Name: R_dedomano
  m_TagString: Untagged
  m_Icon: {fileID: 0}
  m_NavMeshLayer: 0
  m_StaticEditorFlags: 0
  m_IsActive: 1
--- !u!4 &1445981331803716909
Transform:
  m_ObjectHideFlags: 0
  m_CorrespondingSourceObject: {fileID: 0}
  m_PrefabInstance: {fileID: 0}
  m_PrefabAsset: {fileID: 0}
  m_GameObject: {fileID: 1445981331804004685}
  m_LocalRotation: {x: -0.066990115, y: -0.20343655, z: -0.30551305, w: 0.9277864}
  m_LocalPosition: {x: 0.0061563426, y: -0.00000041511083, z: -0.00000006051238}
  m_LocalScale: {x: 1, y: 1, z: 1}
  m_Children: []
  m_Father: {fileID: 1445981331803716911}
  m_RootOrder: 0
  m_LocalEulerAnglesHint: {x: 0, y: 0, z: 0}
--- !u!1 &1445981331804004687
GameObject:
  m_ObjectHideFlags: 0
  m_CorrespondingSourceObject: {fileID: 0}
  m_PrefabInstance: {fileID: 0}
  m_PrefabAsset: {fileID: 0}
  serializedVersion: 6
  m_Component:
  - component: {fileID: 1445981331803716911}
  m_Layer: 0
  m_Name: R_mano
  m_TagString: Untagged
  m_Icon: {fileID: 0}
  m_NavMeshLayer: 0
  m_StaticEditorFlags: 0
  m_IsActive: 1
--- !u!4 &1445981331803716911
Transform:
  m_ObjectHideFlags: 0
  m_CorrespondingSourceObject: {fileID: 0}
  m_PrefabInstance: {fileID: 0}
  m_PrefabAsset: {fileID: 0}
  m_GameObject: {fileID: 1445981331804004687}
  m_LocalRotation: {x: 0.04490901, y: 0.1322802, z: -0.029349213, w: 0.98975945}
  m_LocalPosition: {x: 0.0071823, y: -0.00016039496, z: -0.00020520942}
  m_LocalScale: {x: 1, y: 1, z: 1}
  m_Children:
  - {fileID: 1445981331803716909}
  m_Father: {fileID: 1445981331803716903}
  m_RootOrder: 0
  m_LocalEulerAnglesHint: {x: 0, y: 0, z: 0}
--- !u!1 &1445981331804004689
GameObject:
  m_ObjectHideFlags: 0
  m_CorrespondingSourceObject: {fileID: 0}
  m_PrefabInstance: {fileID: 0}
  m_PrefabAsset: {fileID: 0}
  serializedVersion: 6
  m_Component:
  - component: {fileID: 1445981331803716913}
  m_Layer: 0
  m_Name: R_muslo
  m_TagString: Untagged
  m_Icon: {fileID: 0}
  m_NavMeshLayer: 0
  m_StaticEditorFlags: 0
  m_IsActive: 1
--- !u!4 &1445981331803716913
Transform:
  m_ObjectHideFlags: 0
  m_CorrespondingSourceObject: {fileID: 0}
  m_PrefabInstance: {fileID: 0}
  m_PrefabAsset: {fileID: 0}
  m_GameObject: {fileID: 1445981331804004689}
  m_LocalRotation: {x: 0.41309524, y: -0.31275994, z: 0.693975, w: -0.49993238}
  m_LocalPosition: {x: 0.0028208157, y: -0.002721737, z: 0.0052903686}
  m_LocalScale: {x: 1, y: 1, z: 1}
  m_Children:
  - {fileID: 1445981331803716917}
  m_Father: {fileID: 1445981331803716875}
  m_RootOrder: 2
  m_LocalEulerAnglesHint: {x: 0, y: 0, z: 0}
--- !u!1 &1445981331804004691
GameObject:
  m_ObjectHideFlags: 0
  m_CorrespondingSourceObject: {fileID: 0}
  m_PrefabInstance: {fileID: 0}
  m_PrefabAsset: {fileID: 0}
  serializedVersion: 6
  m_Component:
  - component: {fileID: 1445981331803716915}
  m_Layer: 0
  m_Name: R_pie
  m_TagString: Untagged
  m_Icon: {fileID: 0}
  m_NavMeshLayer: 0
  m_StaticEditorFlags: 0
  m_IsActive: 1
--- !u!4 &1445981331803716915
Transform:
  m_ObjectHideFlags: 0
  m_CorrespondingSourceObject: {fileID: 0}
  m_PrefabInstance: {fileID: 0}
  m_PrefabAsset: {fileID: 0}
  m_GameObject: {fileID: 1445981331804004691}
  m_LocalRotation: {x: 0.13533966, y: 0.016493678, z: -0.2579249, w: 0.95649666}
  m_LocalPosition: {x: 0.003986926, y: -0.00000057885984, z: 0.000000042940858}
  m_LocalScale: {x: 1, y: 1, z: 1}
  m_Children:
  - {fileID: 1445981331803716919}
  m_Father: {fileID: 1445981331803716921}
  m_RootOrder: 0
  m_LocalEulerAnglesHint: {x: 0, y: 0, z: 0}
--- !u!1 &1445981331804004693
GameObject:
  m_ObjectHideFlags: 0
  m_CorrespondingSourceObject: {fileID: 0}
  m_PrefabInstance: {fileID: 0}
  m_PrefabAsset: {fileID: 0}
  serializedVersion: 6
  m_Component:
  - component: {fileID: 1445981331803716917}
  m_Layer: 0
  m_Name: R_pierna
  m_TagString: Untagged
  m_Icon: {fileID: 0}
  m_NavMeshLayer: 0
  m_StaticEditorFlags: 0
  m_IsActive: 1
--- !u!4 &1445981331803716917
Transform:
  m_ObjectHideFlags: 0
  m_CorrespondingSourceObject: {fileID: 0}
  m_PrefabInstance: {fileID: 0}
  m_PrefabAsset: {fileID: 0}
  m_GameObject: {fileID: 1445981331804004693}
  m_LocalRotation: {x: 0.9720307, y: 0.23484816, z: -0.000110447385, w: 0.0016405262}
  m_LocalPosition: {x: 0.009361534, y: 0.00023213075, z: 0.0007148259}
  m_LocalScale: {x: 1, y: 1, z: 1}
  m_Children:
  - {fileID: 1445981331803716921}
  m_Father: {fileID: 1445981331803716913}
  m_RootOrder: 0
  m_LocalEulerAnglesHint: {x: 0, y: 0, z: 0}
--- !u!1 &1445981331804004695
GameObject:
  m_ObjectHideFlags: 0
  m_CorrespondingSourceObject: {fileID: 0}
  m_PrefabInstance: {fileID: 0}
  m_PrefabAsset: {fileID: 0}
  serializedVersion: 6
  m_Component:
  - component: {fileID: 1445981331803716919}
  m_Layer: 0
  m_Name: R_punta_pie
  m_TagString: Untagged
  m_Icon: {fileID: 0}
  m_NavMeshLayer: 0
  m_StaticEditorFlags: 0
  m_IsActive: 1
--- !u!4 &1445981331803716919
Transform:
  m_ObjectHideFlags: 0
  m_CorrespondingSourceObject: {fileID: 0}
  m_PrefabInstance: {fileID: 0}
  m_PrefabAsset: {fileID: 0}
  m_GameObject: {fileID: 1445981331804004695}
  m_LocalRotation: {x: -0.0293864, y: -0.70649594, z: -0.0293864, w: 0.70649594}
  m_LocalPosition: {x: 0.0053446963, y: 0.0000006136148, z: -0.0000002229002}
  m_LocalScale: {x: 1, y: 1, z: 1}
  m_Children: []
  m_Father: {fileID: 1445981331803716915}
  m_RootOrder: 0
  m_LocalEulerAnglesHint: {x: 0, y: 0, z: 0}
--- !u!1 &1445981331804004697
GameObject:
  m_ObjectHideFlags: 0
  m_CorrespondingSourceObject: {fileID: 0}
  m_PrefabInstance: {fileID: 0}
  m_PrefabAsset: {fileID: 0}
  serializedVersion: 6
  m_Component:
  - component: {fileID: 1445981331803716921}
  m_Layer: 0
  m_Name: R_tobillo
  m_TagString: Untagged
  m_Icon: {fileID: 0}
  m_NavMeshLayer: 0
  m_StaticEditorFlags: 0
  m_IsActive: 1
--- !u!4 &1445981331803716921
Transform:
  m_ObjectHideFlags: 0
  m_CorrespondingSourceObject: {fileID: 0}
  m_PrefabInstance: {fileID: 0}
  m_PrefabAsset: {fileID: 0}
  m_GameObject: {fileID: 1445981331804004697}
  m_LocalRotation: {x: 0.81217533, y: 0.56747454, z: 0.07738296, w: 0.1111566}
  m_LocalPosition: {x: 0.009588245, y: 0.00017521867, z: 0.00013921356}
  m_LocalScale: {x: 1, y: 1, z: 1}
  m_Children:
  - {fileID: 1445981331803716915}
  m_Father: {fileID: 1445981331803716917}
  m_RootOrder: 0
  m_LocalEulerAnglesHint: {x: 0, y: 0, z: 0}
